@misc{stroethoff_2014_the,
  author = {Stroethoff, Karel},
  title = {The Mathematics Enthusiast The Mathematics Enthusiast Bhaskara's approximation for the Sine Bhaskara's approximation for the Sine},
  url = {https://scholarworks.umt.edu/cgi/viewcontent.cgi?article=1313&context=tme},
  urldate = {2025-02-16},
  year = {2014},
  organization = {University of Montana}
}

@misc{a2010_taylors,
  title = {Taylor's Series of sin x},
  url = {https://ocw.mit.edu/courses/18-01sc-single-variable-calculus-fall-2010/242ad6a22b86b20799afc7f207cd4271_MIT18_01SCF10_Ses99c.pdf},
  urldate = {2025-02-17},
  year = {2010},
  organization = {MIT OpenCourseWare}
}

@misc{desmos_desmos,
  author = {Desmos},
  title = {Desmos Graphing Calculator},
  url = {https://www.desmos.com/calculator},
  urldate = {2025-02-23},
  organization = {Desmos}
}

@misc{thomas_taylor,
  author = {Thomas, July and Khan, Samir and Khim, Jimin},
  title = {Taylor Series Approximation},
  url = {https://brilliant.org/wiki/taylor-series-approximation/},
  urldate = {2025-02-23},
  organization = {brilliant.org}
}

@misc{a2025_nth,
  title = {nth Roots of Unity},
  url = {https://files.askiitians.com/cdn1/images/2014210-13582910-1926-001.png},
  urldate = {2025-03-02},
  year = {2025},
  organization = {Askiitians.com}
}

@misc{wright_402,
  author = {Wright, Richard},
  title = {4-02 Unit Circle},
  url = {https://www.andrews.edu/~rwright/Precalculus-RLW/Text/04-02.html},
  urldate = {2025-03-02},
  organization = {www.andrews.edu}
}

@misc{a2022_sin1,
  publisher = {Flammable Maths},
  title = {sin(1Â°)},
  url = {https://youtu.be/cWBroMOwLFo},
  urldate = {2025-03-02},
  year = {2022}
}
